@inproceedings{grasinger2015simulation,
  title={Simulation of Cement Slurry Flow to Assess the Potential for Voids and Channels in Wellbore Cementing Processes},
  author={Grasinger, Matthew and Li, Zichang and Vuotto, Alex and Brigham, John and Iannacchione, Anthony and Vandenbossche, Julie and others},
  booktitle={SPE Eastern Regional Meeting},
  year={2015},
  organization={Society of Petroleum Engineers}
}

@article{sterling1993stability,
	title={Stability analysis of lattice Boltzmann methods},
	author={Sterling, James D and Chen, Shiyi},
	journal={arXiv preprint comp-gas/9306001},
	year={1993}
}

@article{sterling1996stability,
	title={Stability analysis of lattice Boltzmann methods},
	author={Sterling, James D and Chen, Shiyi},
	journal={Journal of Computational Physics},
	volume={123},
	number={1},
	pages={196--206},
	year={1996},
	publisher={Elsevier}
}

@article{gorban2014enhancement,
	title={Enhancement of the stability of lattice Boltzmann methods by dissipation control},
	author={Gorban, Alexander N and Packwood, DAVID J},
	journal={Physica A: Statistical Mechanics and its Applications},
	volume={414},
	pages={285--299},
	year={2014},
	publisher={Elsevier}
}